<?xml version="1.0" encoding="UTF-8"?><collection xmlns="http://www.loc.gov/MARC21/slim"><record><leader>00433nam--2200169-i-4500</leader><controlfield tag="001">000021563</controlfield><controlfield tag="002">20161230</controlfield><controlfield tag="005">20161230201034</controlfield><controlfield tag="008">060222s1000------------r-----000-0-eng-d</controlfield><datafield ind1=" " ind2=" " tag="040"><subfield code="a">IFIN-HH</subfield></datafield><datafield ind1=" " ind2=" " tag="080"><subfield code="a">533.7</subfield></datafield><datafield ind1="1" ind2=" " tag="100"><subfield code="a">Jeans, J.H</subfield></datafield><datafield ind1="1" ind2="0" tag="245"><subfield code="a">The dynamical theory of gases. 4th edition</subfield><subfield code="c">J.h. jeans</subfield></datafield><datafield ind1=" " ind2=" " tag="260"><subfield code="a">New York, Dover Publications, 1954,</subfield></datafield><datafield ind1=" " ind2=" " tag="300"><subfield code="a">444P</subfield></datafield><datafield ind1=" " ind2=" " tag="852"><subfield code="a">13193</subfield><subfield code="c">533.7</subfield></datafield><datafield ind1=" " ind2=" " tag="CAT"><subfield code="a">Sys</subfield><subfield code="c">20100915</subfield><subfield code="h">104955</subfield></datafield></record></collection>